<record xmlns="http://www.loc.gov/MARC21/slim" xmlns:xsi="http://www.w3.org/2001/XMLSchema-instance" xsi:schemaLocation="http://www.loc.gov/MARC21/slim http://www.loc.gov/standards/marcxml/schema/MARC21slim.xsd">

  <leader>00533nam a2200169Ia 4500</leader>
  <controlfield tag="008">150723b1999    U  ||||| |||| 00| | ENG d</controlfield>
  <datafield ind2=" " tag="020" ind1=" ">
    <subfield code="a">087367815X</subfield>
  </datafield>
  <datafield tag="090" ind2=" " ind1=" ">
    <subfield code="a">03.02.01 </subfield>
    <subfield code="b">1201</subfield>
  </datafield>
  <datafield ind2=" " tag="100" ind1="1">
    <subfield code="a">Potter, Kenyon David</subfield>
    <subfield code="9">429</subfield>
  </datafield>
  <datafield tag="245" ind2="0" ind1="1">
    <subfield code="a">Educators guide to finding resources in the public domain /  </subfield>
    <subfield code="c">Kenyon David Potter</subfield>
  </datafield>
  <datafield ind1=" " ind2=" " tag="260">
    <subfield code="a">USA : </subfield>
    <subfield code="b">Phi Delta Kappa Educational Foundation, </subfield>
    <subfield code="c">1999</subfield>
  </datafield>
  <datafield ind1=" " ind2=" " tag="300">
    <subfield code="a">50 páginas</subfield>
  </datafield>
  <datafield ind1="1" ind2="4" tag="650">
    <subfield code="a">RECURSOS ECONÓMICOS</subfield>
    <subfield code="9">361</subfield>
  </datafield>
  <datafield ind1="1" tag="650" ind2="4">
    <subfield code="a">SECTOR PÚBLICO </subfield>
    <subfield code="9">430</subfield>
  </datafield>
  <datafield ind1="1" tag="650" ind2="4">
    <subfield code="a">DOCENTES</subfield>
    <subfield code="9">331</subfield>
  </datafield>
  <datafield tag="942" ind2=" " ind1=" ">
    <subfield code="2">z</subfield>
    <subfield code="c">01</subfield>
  </datafield>
  <datafield ind2=" " tag="999" ind1=" ">
    <subfield code="c">74</subfield>
    <subfield code="d">74</subfield>
  </datafield>
</record>